% Erklärung des BibTex Formats: https://www.bibtex.com/g/bibtex-format/
% Zitieren durch \cite{bib:latexintro}

@misc{bib:latexintro,
  author={T. Oetiker, et.al.},
  title={The not so short introduction into LaTeX},
  howpublished = "\url{https://tobi.oetiker.ch/lshort/lshort.pdf}"
}

@misc{bib:wikilitverz,
  author={Wikipedia},
  title={Literaturverzeichnis},
  howpublished = "\url{http://de.wikipedia.org/wiki/Literaturverzeichnis}"
}

@misc{bib:wikiplagiat,
  author={Wikipedia},
  title={Plagiat},
  howpublished = "\url{http://de.wikipedia.org/wiki/Plagiat}"
}

@book{bib:uhlenbruck1,
  author = {Gerhard Uhlenbruck},
  year = {2005},
  title = {Kein Blatt vor den Mund nehmen},
  publisher = {Ralf Reglin Verlag Köln}
}

@misc{bib:bradley1,
  title={Exploration Of Single-Page Websites},
  author={Steven Bradley},
  note={Smashing Magazine},
  year={2012},
  howpublished = "\url{http://tinyurl.com/jgx7hf3}"
}

@inproceedings{grimmer,
	Address = {New York, NY, USA},
	Author = {Grimmer, Matthias and Seaton, Chris and Schatz, Roland and W\"{u}rthinger and M\"{o}ssenb\"{o}ck, Hanspeter},
	Booktitle = {Proceedings of the 11th Symposium on Dynamic Languages},
	Location = {Pittsburgh, Pennsylvania, USA},
	Publisher = {ACM},
	Series = {DLS '15},
	Title = {{High-Performance Cross-Language Interoperability in a Multi-Language Runtime}},
	Year = {2015},
	Bdsk-Url-1 = {http://doi.acm.org/10.1145/2384577.2384587},
	Bdsk-Url-2 = {http://dx.doi.org/10.1145/2384577.2384587}
}
